%% This BibTeX bibliography file was created using BibDesk.
%% http://bibdesk.sourceforge.net/


%% Created for Robert Brignall at 2016-11-16 16:00:50 +0000 


%% Saved with string encoding Unicode (UTF-8) 

@article{albertatkinsonrestricted,
title = "Simple permutations and pattern restricted permutations",
journal = "Discrete Mathematics",
volume = "300",
number = "1",
pages = "1--15",
year = "2005",
issn = "0012-365X",
doi = "https://doi.org/10.1016/j.disc.2005.06.016",
url = "http://www.sciencedirect.com/science/article/pii/S0012365X05003377",
author = "Albert, M. H. and Atkinson, M. D.",
}

@article{albert2002packing,
	Author = {Albert, M. H. and Atkinson, M. D. and Handley, C. C. and Holton, D. A. and Stromquist, W.},
	Journal = {Electronic Journal of Combinatorics},
	Number = {1},
	Title = {On packing densities of permutations},
	Volume = {9},
	Year = {2002}}

@article{albert2012inflations,
	Author = {Albert, M. H. and Atkinson, M. D. and Vatter, V.},
	Journal = {Australasian Journal of Combinatorics},
	Number = 1,
	Pages = {27--47},
	Title = {Inflations of geometric grid classes: three case studies},
	Volume = 58,
	Year = 2014}

@incollection{albertstructural,
  author      = {Albert, M. H.},
  title       = {An introduction to structural methods in permutation patterns},
  editor      = {Linton S. and Ru\v{s}kuc N. and Vatter V.},
  booktitle   = {Permutation Patterns, {L}ondon {M}athematical {S}ociety {L}ecture {N}ote {S}eries},
  publisher   = {Cambridge {U}niversity {P}ress},
  year        = {2010},
  pages       = {41--66},
}


@article{albert-brignall-2times2,
	Author = {Albert, M. H. and Brignall, R.},
	Journal = {Discrete Mathematics and Theoretical Computer Science},
	Title = {$2\times 2$ monotone grid classes are finitely based},
	Url = {http://dmtcs.episciences.org/1378},
	Volume = {18(2), Permutation Patterns 2015},
	Year = {2016},
	Bdsk-Url-1 = {http://dmtcs.episciences.org/1378}}

@article{aabrv2013,
	Author = {Albert, M. H. and Atkinson, M. D. and Bouvel, M. and Ru{\v{s}}kuc, N. and Vatter, V.},
	Journal = {Transactions of the American Mathematical Society},
	Number = 11,
	Pages = {5859--5881},
	Title = {Geometric grid classes of permutations},
	Volume = 365,
	Year = 2013}

@unpublished{albert-new,
	Author = {Albert, M. H. and Brignall, R. and Ru\v{s}kuc, N. and Vatter, V.},
	Note = {preprint, \href{https://arxiv.org/abs/1610.01908}{\texttt{arXiv:1602.00672}}},
	Title = {Rationality for subclasses of 321-avoiding permutations},
	Url = {\url{http://arxiv.org/abs/1602.00672}},
	Year = 2016,
	Bdsk-Url-1 = {http://arxiv.org/abs/1602.00672}}

@article{albert2011enumeration,
	Author = {Albert, M. H. and Atkinson, M. D. and Brignall, R.},
	Date-Added = {2011-04-10 18:59:53 -0400},
	Date-Modified = {2012-08-31 17:15:36 -0400},
	Journal = {Pure Mathematics and Applications},
	Owner = {rb8599},
	Pages = {87--98},
	Timestamp = {2013.05.03},
	Title = {The enumeration of permutations avoiding $2143$ and $4231$},
	Volume = {22},
	Year = {2011}}

@article{albert2012gridclasses,
author = {Albert, M. H. and Atkinson, M. D. and Brignall, R.},
year = {2012},
month = {06},
pages = {},
title = {The enumeration of three pattern classes using monotone grid classes},
volume = {19},
journal = {Electronic Journal of Combinatorics}
}
@article{albert2014schubert,
title = "Enumerating indices of Schubert varieties defined by inclusions",
author = "Albert, M. H. and Brignall, R.",
journal = "Journal of Combinatorial Theory, Series A",
volume = "123",
number = "1",
pages = "154--168",
year = "2014",
issn = "0097-3165",
doi = "https://doi.org/10.1016/j.jcta.2013.12.003",
url = "http://www.sciencedirect.com/science/article/pii/S0097316513001830",
}

@misc{albertpermlab,
	Author = {Albert, M. H.},
	Howpublished = {\url{http://www.cs.otago.ac.nz/PermLab}},
	Title = {{P}erm{L}ab: Software for permutation patterns},
	Year = {2012}}

@article{albert2006wilf,
author = "Albert, M. H. and Elder, M. and Rechnitzer, A. and Westcott, P. and Zabrocki, M.",
title = "On the Stanley–Wilf limit of 4231-avoiding permutations and a conjecture of Arratia",
journal = "Advances in Applied Mathematics",
volume = "36",
number = "2",
pages = "96 --105",
year = "2006",
note = "Special Issue on Pattern Avoiding Permutations"
}

@article{arratia1999,
	Author = {Arratia, R.},
	Journal = {Electronic Journal of Combinatorics},
	Number = {1},
	Title = {On the Stanley-Wilf Conjecture for the Number of Permutations Avoiding a Given Pattern},
	Volume = {6},
	Year = {1999}}



@article{atkinson1997restricted,
	Author = {Atkinson, M. D.},
	Journal = {Discrete Mathematics},
	Number = {1},
	Pages = {27--38},
	Title = {Restricted permutations},
	Volume = {195},
	Year = {1999}}


@article{atkinson1998incrdecr,
author = {Atkinson, M. D.},
year = {1998},
month = {02},
pages = {},
title = {Permutations Which Are the Union of an Increasing and a Decreasing Subsequence},
volume = {5},
journal = {Electronic Journal of Combinatorics}
}

@article{balogh2015minimum,
	Author = {Balogh, J. and Hu, P. and Lidick{\'y}, B. and Pikhurko, O. and Udvari, B. and Volec, J.},
	Journal = {Combinatorics, Probability and Computing},
	Number = {04},
	Pages = {658--679},
	Publisher = {Cambridge University Press},
	Title = {Minimum number of monotone subsequences of length 4 in permutations},
	Volume = {24},
	Year = {2015}}

@ARTICLE{babertalbot2011jump,
	Author = {Baber, R. and Talbot, J.},
	Doi = {10.1017/S0963548310000222},
	Issn = {0963-5483},
	Journal = {Combinatorics, Probability and Computing},
	Number = {2},
	Pages = {161--171},
	Title = {Hypergraphs do jump},
	Url = {http://dx.doi.org/10.1017/S0963548310000222},
	Volume = {20},
	Year = {2011}
}

@article{barton2004packing,
	Author = {Barton, R. W.},
	Journal = {Journal of Combinatorics},
	Number = {3},
	Pages = {R80},
	Title = {Packing densities of patterns},
	Volume = {11},
	Year = {2004}}

@unpublished{batkeyev,
	Author = {Batkeyev, B.},
	Note = {unpublished},
	Title = {Extremal construction for 1342-packing}}


@article{bevan-new,
title = "The permutation class Av(4213,2143)",
author = "Bevan, D. I.",
year = "2017",
month = "4",
volume = "18",
journal = "Discrete Mathematics and Theoretical Computer Science",
issn = "1365-8050",
publisher = "Maison de l'informatique et des mathematiques discretes",
number = "2",
}


@phdthesis{bevan2015thesis,
	Author = {Bevan, D. I.},
	School = {The Open University},
	Title = {On the growth of permutation classes},
	Url = {http://arxiv.org/abs/1506.06688},
	Year = {2015},
	Bdsk-Url-1 = {http://arxiv.org/abs/1506.06688}}

@unpublished{bevan2015defs,
	Author = {Bevan, D. I.},
	Note = {preprint, \href{http://arxiv.org/abs/1506.06673}{\texttt{arXiv:1506.06673}}},
	Title = {Permutation patterns: basic definitions and notation},
	Url = {\url{http://arxiv.org/abs/1506.06673}},
	Year = {2015},
	Bdsk-Url-1 = {http://arxiv.org/abs/1506.06673}}

@article{bevan15growth-rates,
	Author = {Bevan, D. I.},
	Date-Added = {2016-11-16 15:59:35 +0000},
	Date-Modified = {2016-11-16 15:59:35 +0000},
	Journal = {Transactions of the American Mathematical Society},
	Number = {8},
	Pages = {5863--5889},
	Title = {Growth rates of permutation grid classes, tours on graphs, and the spectral radius},
	Volume = {367},
	Year = {2015}}

@article{bona2005wilf,
author = "Bóna, M.",
title = "The limit of a Stanley–Wilf sequence is not always rational, and layered patterns beat monotone patterns",
journal = "Journal of Combinatorial Theory, Series A",
volume = "110",
number = "2",
pages = "223--235",
year = "2005",
}


@article{bondy1997cs,
	Author = {Bondy, J. A.},
	Journal = {Discrete Mathematics},
	Pages = {71--80},
	Title = {Counting subgraphs a new approach to the {C}accetta-{H}\"{a}ggkvist conjecture},
	Volume = {165},
	Year = {1997}}

@misc{csdp,
	Author = {Borchers, E. B.},
	Howpublished = {\url{https://projects.coin-or.org/Csdp/}},
	Title = {CSDP package},
	Year = {1999}}

@article{brignall2012pwo,
	Author = {Brignall, R.},
	Journal = {Journal of Combinatorial Theory. Series A},
	Number = {1},
	Pages = {99--116},
	Title = {Grid classes and partial well order},
	Volume = {119},
	Year = {2012}}

@article{brignall2008simple,
title = "Simple permutations and algebraic generating functions",
journal = "Journal of Combinatorial Theory, Series A",
volume = "115",
number = "3",
pages = "423--441",
year = "2008",
author = "Brignall, R. and Huczynska, S. and Vatter, V."
}

@article{brignallsliacanjuxt,
  AUTHOR = {Brignall, R. and Slia\v{c}an, J.},
   TITLE = {Juxtaposing Catalan permutation classes 
   	    with monotone ones},
JOURNAL = {Electronic Journal of Combinatorics},
  VOLUME = {24(2)},
    YEAR = {2017},
  NUMBER = {2}
}

@incollection{brignallsimple,
  author      = {Brignall, R.},
  title       = {A survey of simple permutations},
  editor      = {Linton S. and Ru\v{s}kuc N. and Vatter V.},
  booktitle   = {Permutation Patterns, {L}ondon {M}athematical {S}ociety {L}ecture {N}ote {S}eries},
  publisher   = {Cambridge {U}niversity {P}ress},
  year        = {2010},
  pages       = {41--66},
}

@phdthesis{burstein1998thesis,
	Author = {Burstein, A.},
	School = {University of Pennsylvania},
	Title = {Enumeration of words with forbidden patterns},
	Year = 1998}

@article{chung1988quasirandom,
	Author = {Chung, F. R. K. and Graham, R. L. and Wilson, R. M.},
	Journal = {Proceedings of the National Academy of Sciences of the United States of America},
	Number = {4},
	Pages = {969--970},
	Title = {Quasirandom graphs},
	Volume = {85},
	Year = {1988}}

@article{falgas2013applications,
	Author = {Falgas-Ravry, V. and Vaughan, E. R.},
	Journal = {Combinatorics, Probability and Computing},
	Number = {01},
	Pages = {21--54},
	Publisher = {Cambridge Univ Press},
	Title = {Applications of the semi-definite method to the {T}ur{\'a}n density problem for 3-graphs},
	Volume = {22},
	Year = {2013}}

@article{falgasvaughan2012densities,
        author = {Falgas-Ravry, V. and Vaughan, E. R.},
        institution = {Umeå University, Department of Mathematics and Mathematical Statistics},
        journal = {The Electronic Journal of Combinatorics},
        number = {3},
        pages = {P40--},
        publisher = {The Electronic Journal of Combinatorics},
        title = {Tur\'an {H-}densities for 3-graphs},
        volume = {19},
        year = {2012}
}

@misc{flagmatic,
	Author = {Vaughan, E. R.},
	Howpublished = {\url{http://jsliacan.github.io/flagmatic}},
	Title = {Flagmatic 2.0},
	Year = {2013}}

@book{analcomb,
	Author = {Flajolet, P. and Sedgewick, R.},
	Isbn = {0521898064, 9780521898065},
	Publisher = {Cambridge University Press},
	Title = {Analytic Combinatorics},
	Year = {2009}}

@unpublished{fox2013wilf,
	Author = {Fox, J.},
	Note = {preprint, \href{https://arxiv.org/abs/1310.8378}{\texttt{arXiv:1310.8378}}},
	Title = {Stanley-Wilf limits are typically exponential},
	Url = {\url{https://arxiv.org/abs/1310.8378}},
	Year = {2013}
        }


@misc{galvin1992unpublished,
	Author = {Galvin, F. W.},
	Howpublished = {unpublished},
	Year = {1993}}

@misc{galvinkleitman1993unpublished,
	Author = {Galvin, F. W. and Kleitman, D.},
	Howpublished = {unpublished},
	Year = {1993}}

@article{grzesik2012pentagon,
	Author = {Grzesik, A.},
	Journal = {J. Comb. Theory, Ser. B},
	Number = {5},
	Pages = {1061--1066},
	Title = {On the maximum number of five-cycles in a triangle-free graph},
	Volume = {102},
	Year = {2012}}

@article{hasto2002packing,
	Author = {H{\"a}st{\"o}, P. A.},
	Journal = {Electronic Journal of Combinatorics},
	Number = {2},
	Title = {The packing density of other layered permutations},
	Volume = {9},
	Year = {2002}}

@article{hatami2013pentagon,
	Author = {Hatami, H. and Hladk\'{y}, J. and Kr\'{a}L, D. and Norine, S. and Razborov, A.},
	Issue_Date = {April, 2013},
	Journal = {Journal of Combinatorial Theory. Series A},
	Month = apr,
	Number = {3},
	Numpages = {11},
	Pages = {722--732},
	Title = {On the number of pentagons in triangle-free graphs},
	Volume = {120},
	Year = {2013}}

@book{hopcroft2001automata,
	Author = {Hopcroft, J. E. and Motwani, R. and Ullman, J. D.},
	Edition = {2nd},
	Isbn = {0201441241},
	Pages = {521},
	Publisher = {Addison-Wesley Publishing Co., Reading, Mass.},
	Timestamp = {2013.05.03},
	Title = {Introduction to automata theory, languages, and computation},
	Year = {2001}}

@article{hoppen2013permlimits,
	Author = {Hoppen, C. and Kohayakawa, Y. and Moreira, C. G. and R{\'a}th, B. and Sampaio M. R.},
	Journal = {Journal of Combinatorial Theory. Series B},
	Number = {1},
	Pages = {93--113},
	Title = {Limits of permutation sequences},
	Volume = {103},
	Year = {2013}}

@article{huang2014stars,
	Author = {Huang, H.},
	Journal = {SIAM Journal on Discrete Mathematics},
	Number = {1},
	Pages = {92-98},
	Title = {On the Maximum Induced Density of Directed Stars and Related Problems},
	Volume = {28},
	Year = {2014}}

@article{kaiser03growthrates,
	Author = {Kaiser, T. and Klazar, M.},
	Journal = {Electronic Journal of Combinatorics},
	Number = {2},
	Title = {On growth rates of closed permutation classes},
	Volume = {9},
	Year = {2003}}

@article{katona1964exists,
	Author = {Katona, G. and Nemetz, T. and Simonovits, M.},
	Journal = {Matematikai Lapok},
	Pages = {228--238},
	Title = {On a problem of Tur\'{a}n in the theory of graphs},
	Volume = {15},
	Year = {1964}}

@incollection{klazargeneral,
  author      = {Klazar M.},
  title       = {Some general results in combinatorial enumeration},
  editor      = {Linton S. and Ru\v{s}kuc N. and Vatter V.},
  booktitle   = {Permutation Patterns, {L}ondon {M}athematical {S}ociety {L}ecture {N}ote {S}eries},
  publisher   = {Cambridge {U}niversity {P}ress},
  year        = {2010},
  pages       = {41--66},
}


@article{kral2013quasirandom,
        author={Kr{\'a}l', D. and Pikhurko, O.},
        title={Quasirandom permutations are characterized by 4-point densities},
        journal={Geometric and Functional Analysis},
        year={2013},
        volume={23},
        number={2},
        pages={570--579},
        issn={1420-8970},
        doi={10.1007/s00039-013-0216-9},
        url={\url{http://dx.doi.org/10.1007/s00039-013-0216-9}}
}


@book{lintonruskucvatter,
 author = {Linton, S. and Ruskuc, N. and Vatter, V.},
 title = {Permutation {P}atterns},
 year = {2010},
 isbn = {0521728347, 9780521728348},
 publisher = {Cambridge University Press},
 address = {New York, NY, USA},
} 

@book{lovasz2012networks,
	Author = {Lov{\'a}sz, L.},
	Publisher = {American Mathematical Society},
	Title = {Large networks and graph limits},
	Volume = {60},
	Year = {2012}}

@article{marcus04growthrate,
	Author = {Marcus, A. and Tardos, G.},
	Journal = {Journal of Combinatorial Theory. Series A},
	Number = {1},
	Pages = {153--160},
	Title = {Excluded permutation matrices and the {S}tanley-{W}ilf conjecture},
	Volume = {107},
	Year = {2004}}

@misc{mathematica,
  author = {Wolfram Research{,} Inc.},
  title = {Mathematica, {V}ersion 10.4},
  note = {Champaign, IL, 2016}
}

@unpublished{miner16twobyfour,
	Author = {Miner, S.},
	Note = {preprint, \href{https://arxiv.org/abs/1610.01908}{\texttt{arXiv:1610.01908}}},
	Title = {Enumeration of several two-by-four classes},
	Url = {\url{https://arxiv.org/abs/1610.01908}},
	Year = {2016},
	Bdsk-Url-1 = {\url{https://arxiv.org/abs/1610.01908}}}

@article{murphy2003pwo,
	Author = {Murphy, M. M. and Vatter, V.},
	Journal = {Electronic Journal of Combinatorics},
	Number = {2},
	Title = {Profile classes and partial well-order for permutations},
	Volume = {9},
	Year = {2003}}

@misc{oeis,
	Author = {The OEIS Foundation Inc.},
	Howpublished = {\url{http://oeis.org}},
	Title = {The {O}n-{L}ine {E}ncyclopedia of {I}nteger {S}equences}}

@Article{pantone2by4,
author="Pantone, J.",
title="The Enumeration of Permutations Avoiding 3124 and 4312",
journal="Annals of Combinatorics",
year=2017,
volume=21,
number=2,
pages="293--315",
issn="0219-3094",
doi="10.1007/s00026-017-0352-2",
url="https://doi.org/10.1007/s00026-017-0352-2"
}

@unpublished{pantonevatter16categorize,
author = {Pantone, J. and Vatter, V.},
year = {2016},
month = {05},
pages = {},
note = {preprint, \href{https://arxiv.org/abs/1605.04289}{\texttt{arXiv:1605.04289}}},
url = {\url{https://arxiv.org/abs/1605.04289}},
title = {Growth rates of permutation classes: categorization up to the uncountability threshold}
}

@misc{permpack,
	Author = {Slia\v{c}an, J.},
	Howpublished = {\url{http://jsliacan.github.io/permpack}},
	Title = {Permpack},
	Year = {2016}}


@unpublished{olegmekostas,
author = {Pikhurko, O. and Slia\v{c}an, J. and Tyros, K.},
title = {Strong Forms of Stability from Flag Algebra Calculations},
year = {2017},
month = {06},
note = {preprint, \href{https://arxiv.org/abs/1706.02612}{\texttt{arXiv:1706.02612}}},
url = {\url{https://arxiv.org/abs/1706.02612}}
}



@article{pikhurko2015neighbourhoods,
        author = {Falgas--Ravry, V. and Marchant, E. and Pikhurko, O. and Vaughan, E. R.},
        title = {The Codegree Threshold for 3-Graphs with Independent Neighborhoods},
        journal = {SIAM Journal on Discrete Mathematics},
        volume = {29},
        number = {3},
        pages = {1504-1539},
        year = {2015}
}

@phdthesis{presutti2008thesis,
	Author = {Presutti, C. B.},
	School = {Bryn Mawr College},
	Title = {Determining lower bounds for packing densities of non-layered patterns using weighted templates},
	Year = {2008}}

@article{presutti2010packing,
	Author = {Presutti, C. B. and Stromquist, W.},
	Journal = {Permutation patterns},
	Pages = {287--316},
	Title = {Packing rates of measures and a conjecture for the packing density of 2413},
	Volume = {376},
	Year = {2010}}

@phdthesis{price1997packing,
	Author = {Price, A. L.},
	School = {University of Pennsylvania},
	Title = {Packing densities of layered* patterns},
	Year = 1997}

@article{razborov2007original,
	Author = {Razborov, A. A.},
	Journal = {The Journal of Symbolic Logic},
	Number = {04},
	Pages = {1239--1282},
	Publisher = {Cambridge University Press},
	Title = {Flag algebras},
	Volume = {72},
	Year = {2007}}

@incollection{razborov2013interim,
	Author = {Razborov, A. A.},
	Booktitle = {The Mathematics of Paul Erd{\H{o}}s II},
	Pages = {207--232},
	Publisher = {Springer},
	Title = {Flag algebras: an interim report},
	Year = {2013}}

@manual{sagemath,
        Key = {SageMath},
        Author = {The Sage Developers},
        Title = {{S}ageMath, the {S}age {M}athematics {S}oftware {S}ystem ({V}ersion 7.4)},
        Note = {\url{http://www.sagemath.org}},
        Year = 2017,
}

@inbook{sdpa,
        author="Yamashita, M. and Fujisawa, K. and Fukuda, M. and Kobayashi, K. and Nakata, K. and Nakata, M.",
        title="Latest Developments in the SDPA Family for Solving Large-Scale SDPs",
        bookTitle="Handbook on Semidefinite, Conic and Polynomial Optimization",
        year="2012",
        publisher="Springer US",
        address="Boston, MA",
        pages="687--713",
        isbn="978-1-4614-0769-0",
        doi="10.1007/978-1-4614-0769-0_24",
        url="https://doi.org/10.1007/978-1-4614-0769-0_24"
}



@article{sliacanstromquistpacking,
  TITLE = {{Improving bounds on packing densities of 4-point permutations}},
  AUTHOR = {Slia\v{c}an, J. and Stromquist, W.},
  URL = {https://dmtcs.episciences.org/4263},
  JOURNAL = {{Discrete Mathematics \& Theoretical Computer Science}},
  VOLUME = {{Vol. 19 no. 2, Permutation Patterns 2016}},
  YEAR = 2018,
  MONTH = Feb
}

@phdthesis{sperfeld2012thesis,
	Author = {Sperfeld, K.},
	School = {Universit\"{a}t Rostock},
	Title = {Semidefinite programming in extremal graph theory},
	Year = {2012}}

@article{einar2012openproblems,
author = {Steingrimsson, E.},
year = {2012},
month = {10},
pages = {},
title = {Some Open Problems on Permutation Patterns},
volume = {409},
journal = {London Mathematical Society Lecture Note Series}
}

@misc{stromquist1993unpublished,
	Author = {Stromquist, W.},
	Howpublished = {unpublished},
	Title = {Packing layered posets into posets},
	Year = {1993}}

@misc{stromquist2016email,
	Author = {Stromquist, W.},
	Howpublished = {personal communication},
	Year = 2016
}

@article{vatter11small,
	Author = {Vatter, V.},
	Journal = {Proceedings of the London Mathematical Society (3)},
	Pages = {879--921},
	Title = {Small permutation classes},
	Volume = 103,
	Year = 2011}

@article{vatter2011pwo,
	Author = {Vatter, V. and Waton, S.},
	Journal = {Order},
	Pages = {193--199},
	Title = {On partial well-order for monotone grid classes of permutations},
	Volume = {28},
	Year = {2011}}

@unpublished{vattercountableuncountable,
	Author = {Vatter, V.},
	Note = {preprint, \href{https://arxiv.org/abs/1605.04297}{\texttt{arXiv:1605.04297}}},
	Title = {Growth rates of permutation classes: from countable to uncountable},
	Url = {\url{https://arxiv.org/abs/1605.04297}},
	Year = 2016}

@incollection{vatterhandbook,
  author      = "Vatter V.",
  title       = "Permutation Classes",
  editor      = "B\'{o}na M.",
  booktitle   = "Handbook of Enumerative Combinatorics",
  publisher   = "Chapman \& Hall/CRC",
  address     = "",
  year        = 2015,
  pages       = "753--834",
}

@phdthesis{volec2014thesis,
	Author = {Volec, J.},
	School = {University of Warwick, Universit\'{e} Paris-Diderot},
	Title = {Analytic methods in combinatorics},
	Year = {2014}}

@phdthesis{waton,
	Author = {Waton, S.},
	School = {University of St Andrews},
	Title = {On permutation classes defined by token passing networks, gridding matrices and pictures: Three flavours of involvement},
	Year = 2007}
